@article{stuetzlefriedman2002, Year=2002,
  Author = {Friedman, Jerome H. and Stuetzle, Werner},
   Title = {John W. Tukey's Work on Interactive Graphics},
 Journal = {The Annals of Statistics}, 
  Volume = 30, Number=6, Pages={1629--1639}}

@BOOK{CH90,Author="Crowder, M.~J. and Hand, D.~J.",Year=1990,
Title="Analysis of Repeated Measures", Publisher="Chapman and
Hall",Address="London"}
